%% This BibTeX bibliography file was created using BibDesk.
%% https://bibdesk.sourceforge.io/

%% Created for Joseph Spencer at 2022-11-21 20:24:42 -0700 


%% Saved with string encoding Unicode (UTF-8) 



@article{vatistas1986reverse,
	author = {Vatistas, G H and Lin, S and Kwok, C K},
	doi = {10.2514/3.13046},
	journal = {AIAA Journal},
	number = {11},
	pages = {1872, 1873},
	publisher = {American Institute of Aeronautics and Astronautics},
	title = {Reverse Flow Radius in Vortex Chambers},
	volume = {24},
	year = {1986},
	bdsk-url-1 = {https://doi.org/10.2514/3.13046}}

@article{dornheim1996planetary,
	author = {Dornheim, Michael A},
	journal = {Aviation Week \& Space Technology},
	number = {24},
	pages = {44--46},
	title = {Planetary Flight Surge Faces Budget Realities},
	volume = {145},
	year = {1996}}

@article{terster1997nasa,
	author = {Terster, W},
	journal = {Space News},
	number = {2},
	pages = {13--19},
	title = {NASA Considers Switch to Delta 2},
	volume = {8},
	year = {1997}}

@inbook{peyret2012computational,
	address = {New York},
	author = {Peyret, Roger and Taylor, Thomas D},
	chapter = {7, 14},
	edition = {2},
	publisher = {Springer-Verlag},
	title = {Computational Methods for Fluid Flow},
	year = {1983}}

@inbook{oates1997aerothermodynamics,
	address = {New York},
	editor = {Oates, Gordon C},
	pages = {19, 136},
	publisher = {AIAA},
	series = {AIAA Education Series},
	title = {Aerothermodynamics of Gas Turbine and Rocket Propulsion},
	year = {1984}}

@incollection{volpe1994techniques,
	address = {Washington, DC},
	author = {Volpe, Richard},
	booktitle = {Teleoperation and Robotics in Space},
	editor = {S. B. Skaar and C. F. Ruoff},
	pages = {175--212},
	publisher = {AIAA},
	series = {Progress in Astronautics and Aeronautics},
	title = {Techniques for Collision Prevention, Impact Stability, and Force Control by Space Manipulators},
	year = {1994}}

@inproceedings{thompsonspacecraft,
	address = {Washington, DC},
	author = {Thompson, C M},
	booktitle = {AIAA Guidance, Navigation, and Control Conference},
	pages = {103--115},
	publisher = {AIAA},
	series = {CP849},
	title = {Spacecraft Thermal Control, Design, and Operation},
	volume = {1},
	year = {1989}}

@proceedings{chi1993fluid,
	editor = {Chi, Y},
	series = {NASA SP-255},
	title = {Fluid Mechanics Proceedings},
	year = {1993}}

@article{brandis2016nonequi,
	author = {Aaron M. Brandis and Christopher O. Johnston and Brett A. Cruden},
	doi = {10.2514/6.2016-3690},
	journal = {AIAA Paper 2016--3690},
	title = {Nonequilibrium Radiation for Earth Entry},
	year = {June 2016},
	bdsk-url-1 = {https://doi.org/10.2514/6.2016-3690}}
